% .bib List of All references
@MISC{ShazamASP,
author       = {Jovan Jovanovic},
title        = {How Shazam Works},
howpublished = {\url{https://www.toptal.com/algorithms/shazam-it-music-processing-fingerprinting-and-recognition}},
note         = {Accessed August 2021}
}

@article{Udo1997,
Author = {Udo ZÃ¶lzer},
Title  = {Digital Audio Signal Processing},
note   = {ISBN 0-471-97226-6},
Year   = {1997} }

@MISC{BBCvaluation,
author       = {BBC News},
title        = {Apple to buy Shazam 2017},
howpublished = {\url{https://www.bbc.co.uk/news/business-42299207}},
note         = {Accessed August 2021}
}

@MISC{GitHubRepo,
author        = {Aditya Tatwawadi},
title         = {John Locke - Audio Signal Processing GitHub Repo, 2021},
howpublished  = {\url{https://github.com/aditya-tatwawadi/Audio-Signal-Processing}}
}

@book{ParsonsCodeDOTMT,
  author         = {Denys Parsons, S Brown},
  title          = {The Directory of Tunes and Musical Themes},
  note           = {ISBN 0-904747-00-X},
  year           = {1975}
}

@book{AdvancePhysicsTextBook,
  author         = {Steven Adams, Jonathan Allday},
  title          = {General Classical Physics Theories. Ideas adapted from Advanced Physics.},
  note           = {ISBN 0-199-14680-2},
  year           = {2000}
}

@MISC{RealEngineeringYT,
author        = {Real Engineering Youtube},
title         = {How Shazam Works.},
howpublished  = {\url{https://www.youtube.com/watch?v=kMNSAhsyiDg}}
}

@book{ThinkDSP,
  author         = {Allen B. Downey},
  title          = {ThinkDSP},
  year           = {2014}
}

@MISC{3Blue1Brown,
author        = {3Blue1Brown},
title         = {But what is the Fourier Transform? A visual introduction.},
howpublished  = {\url{https://www.youtube.com/watch?v=spUNpyF58BY}}
}

@article{CooleyTukey,
Author = {James W. Cooley, John W. Tukey},
Title  = {An Algorithm for the Machine Calculation of Complex Fourier Series.},
Year   = {1965} }

@article{AlgorithmQuoteft,
Author = {J. Dongarra, F. Sullivan},
Title  = {Computing in Science and Engineering.},
Year   = {2000} }

@article{AveryWang,
Author = {Avery Li-Chun Wang},
Title  = {An Industrial-Strength Audio Search Algorithm .},
Year   = {2003} }